@article{artic:elso,
title = "Számítógépes alapismeretek - gyakorlat jegyzet",
journal = "",
volume = "",
number = "",
pages = "",
year = "2013",
note = "\url{http://stegerjozsef.web.elte.hu/teaching/szamalap.pdf}",
author = "{Stéger József, Fekete Attila}"
}     
%%%%%%%%%%%%%%%%%%%%%%%%%%%%%%%%%%%%%%%%%%%%%%%%%%%%%%%%%%%
@article{artic:masodik,
title = "Gyakorlat honlap",
journal = "",
volume = "",
number = "",
pages = "",
year = "2016",
note = "\url{http://itl7.elte.hu/~iracz/Oktatas/SzA/}",
author = "{Rácz István, Bíró Gábor, Ribli Dezső, Oroszlány László, Rozsgonyi Kristóf}"
}     
%%%%%%%%%%%%%%%%%%%%%%%%%%%%%%%%%%%%%%%%%%%%%%%%%%%%%%%%%%%
@article{artic:harmadik,
title = "{\LaTeX\ jegyzet}",
journal = "",
volume = "",
number = "",
pages = "",
year = "2016",
note = "\url{http://math.bme.hu/latex/dl/latex78.pdf}",
author = "{Tobias Oetiker \textit{et al}}"
}     
%%%%%%%%%%%%%%%%%%%%%%%%%%%%%%%%%%%%%%%%%%%%%%%%%%%%%%%%%%%
@article{artic:negyedik,
title = "{\LaTeX\ Wikipedia}",
journal = "",
volume = "",
number = "",
pages = "",
year = "2016",
note = "\url{https://en.wikibooks.org/wiki/LaTeX}",
}     
